@article{Kac,
		title={On the average number of real roots of a random algebraic equation},
		author={Kac, Mark},
		journal={Bulletin of the American Mathematical Society},
		volume={49},
		number={4},
		year=1943,
		pages={314-320},
}

@unpublished{Lundberg,
		title={On the zeros of random harmonic polynomials: the truncated model},
		author={Lerario, Antonio and Lundberg, Eric},
		note={preprint at arXiv:150701041},
}

@article{Khavinson,
		title={On the maximal number of zeros of certain harmonic polynomials},
		author={Khavinson, Dmitry and Swiatek, Grzegorz},
		journal={Proceedings of the American Mathematical Society},
		volume={131},
		year=2003,
		pages={409-414},
}

@article{Wilmshurst,
		title={The valence of harmonic polynomials},
		author={A. S. Wilmshurst},
		journal={Proceedings of the American Mathematical Society},
		volume={126},
		number={7},
		year=1998,
		pages={2077-2081},
}

@book{Royden,
		title={Real Analysis},
		author={Royden, H. L. and Fitzpatrick, P. M.},
		edition={Fourth},
		year=2010,
		pages={88-90},
		publisher={Pearson Education, Inc.},
		address={Boston, MA}
}

@book{Small,
		title={Complex Polynomials},
		author={Terry Sheil-Small},
		year=2002,
		publisher={Cambridge University Press},
}

@article{LiWei,
		title={On the expected number of zeros of random harmonic polynomials},
		author={Li, W. V. and Wei, A.},
		journal={Proceedings of the American Mathematical Society},
		volume={137},
		year=2009,
		pages={195-204},
}

@article{Dunnage,
		title={The number of real zeros of a random trigonometric polynomial},
		author={Dunnage, J. E. A.},
		journal={Proceedings of the London Mathematical Society},
		volume={s3-16},
		year=1966,
		pages={53-84},
}

@article{Vanderbei,
		title={The complex zeros of random polynomials},
		author={Shepp, Logan and Vanderbei, Robert},
		journal={Transactions of the American Mathematical Society},
		volume={347},
		number={11},
		year=1995,
		pages={4365-4384},
}

@article{Lee,
		title={Remarks on Wilmshurst's Theorem},
		author={Lerario, Antonio and Lundberg, Erik and Lee, Seung-Yeop},
		journal={Indiana University Mathematics Journal},
		volume={64},
		number={4},
		year=2013,
}

@unpublished{Saez,
		title={Zeros of harmonic polynomials, critical lemniscates and caustics},
		author={Khavinson, Dmitry and Lee, Seung-Yeop and Saez, Andres},
		note={preprint at arXiv:1508.04439},
}

@book{Miller,
  		title={Applied Asymptotic Analysis},
  		author={Miller, P.D.},
  		isbn={9780821840788},
  		lccn={2006040794},
  		series={Graduate studies in mathematics},
  		year={2006},
  		publisher={American Mathematical Society}
}

@unpublished{Thomack,
		title={On the zeros of random harmonic polynomials: the naive model},
		author={Thomack, A.},
		note={preprint at arxiv.org/abs/1610.02611}
}

@article{Azais,
 ISSN = {10505164},
 URL = {http://www.jstor.org/stable/30038315},
 abstract = {Let I be a compact d-dimensional manifold, let $X : I \rightarrow R$ be a Gaussian process with regular paths and let $F_{I}(u), u \in R$, be the probability distribution function of $sup_{t \in I} X(t)$. We prove that under certain regularity and nondegeneracy conditions, $F_{I}$ is a $C^{1}$-function and satisfies a certain implicit equation that permits to give bounds for its values and to compute its asymptotic behavior as $u \rightarrow + \infty$. This is a partial extension of previous results by the authors in the case d = 1. Our methods use strongly the so-called Rice formulae for the moments of the number of roots of an equation of the form Z(t) = x, where $Z : I \rightarrow R^{d}$ is a random field and x is a fixed point in $R^{d}$. We also give proofs for this kind of formulae, which have their own interest beyond the present application.},
 author = {Jean-Marc Aza√Øs and Mario Wschebor},
 journal = {The Annals of Applied Probability},
 number = {1A},
 pages = {254-278},
 publisher = {Institute of Mathematical Statistics},
 title = {On the Distribution of the Maximum of a Gaussian Field with d Parameters},
 volume = {15},
 year = {2005}
}

@article{Tao,
author = {Tao, Terence and Vu, Van},
title = {Local Universality of Zeroes of Random Polynomials},
journal = {International Mathematics Research Notices},
volume = {2015},
number = {13},
pages = {5053-5139},
year = {2015},
doi = {10.1093/imrn/rnu084},
URL = { + http://dx.doi.org/10.1093/imrn/rnu084},
eprint = {/oup/backfile/content_public/journal/imrn/2015/13/10.1093_imrn_rnu084/3/rnu084.pdf}
}

@article {Kostlan,
    AUTHOR = {Edelman, Alan and Kostlan, Eric},
     TITLE = {How many zeros of a random polynomial are real?},
   JOURNAL = {Bull. Amer. Math. Soc. (N.S.)},
  FJOURNAL = {American Mathematical Society. Bulletin. New Series},
    VOLUME = {32},
      YEAR = {1995},
    NUMBER = {1},
     PAGES = {1--37},
      ISSN = {0273-0979},
   MRCLASS = {60G99 (30B20 42A05)},
  MRNUMBER = {1290398},
MRREVIEWER = {Kambiz Farahmand},
       DOI = {10.1090/S0273-0979-1995-00571-9},
       URL = {http://dx.doi.org/10.1090/S0273-0979-1995-00571-9},
}

